@ARTICLE{Sandage1953,
       author = {{Sandage}, A.~R.},
        title = "{The color-magnitude diagram for the globular cluster M 3.}",
      journal = {\aj},
         year = 1953,
        month = jan,
       volume = {58},
        pages = {61-75},
          doi = {10.1086/106822},
       adsurl = {https://ui.adsabs.harvard.edu/abs/1953AJ.....58...61S},
      adsnote = {Provided by the SAO/NASA Astrophysics Data System}
}
